<record><leader>00000cas a2200000 a 4500</leader><controlfield tag="001">30500395</controlfield><controlfield tag="008">940526d19911994kyuwr ne      0    0eng d</controlfield><datafield ind1=" " ind2=" " tag="010"><subfield code="a">sn 93058475 </subfield></datafield><datafield ind1=" " ind2=" " tag="040"><subfield code="a">KNP</subfield><subfield code="b">eng</subfield><subfield code="c">KNP</subfield><subfield code="d">OCL</subfield><subfield code="d">OCLCQ</subfield><subfield code="d">KYUBL</subfield><subfield code="d">OCLCQ</subfield><subfield code="d">OCLCF</subfield><subfield code="d">OCLCO</subfield></datafield><datafield ind1="1" ind2=" " tag="029"><subfield code="a">AU@</subfield><subfield code="b">000022176782</subfield></datafield><datafield ind1=" " ind2=" " tag="042"><subfield code="a">msc</subfield></datafield><datafield ind1=" " ind2=" " tag="043"><subfield code="a">n-us-ky</subfield></datafield><datafield ind1="0" ind2=" " tag="130"><subfield code="a">News journal (Williamsburg, Ky. : Corbin! this week ed.)</subfield></datafield><datafield ind1="1" ind2="0" tag="245"><subfield code="a">News journal.</subfield></datafield><datafield ind1="1" ind2="7" tag="246"><subfield code="a">Corbin/Whitley news-journal</subfield></datafield><datafield ind1="1" ind2="3" tag="246"><subfield code="a">Corbin! this week news journal</subfield></datafield><datafield ind1="1" ind2="7" tag="246"><subfield code="a">Whitley Republican/Corbin! this week news journal</subfield></datafield><datafield ind1=" " ind2=" " tag="250"><subfield code="a">Corbin! this week ed.</subfield></datafield><datafield ind1=" " ind2=" " tag="260"><subfield code="a">Williamsburg, Ky. :</subfield><subfield code="b">Whitley Whiz Inc.</subfield></datafield><datafield ind1=" " ind2=" " tag="300"><subfield code="a">v.</subfield></datafield><datafield ind1=" " ind2=" " tag="310"><subfield code="a">Weekly</subfield></datafield><datafield ind1="0" ind2=" " tag="362"><subfield code="a">Vol. 84, no. 9 (Feb. 27, 1991)-v. 87, no. 18 (May 4, 1994).</subfield></datafield><datafield ind1=" " ind2=" " tag="515"><subfield code="a">Numbering often off-track.</subfield></datafield><datafield ind1=" " ind2="0" tag="651"><subfield code="a">Whitley County (Ky.)</subfield><subfield code="v">Newspapers.</subfield></datafield><datafield ind1=" " ind2="0" tag="651"><subfield code="a">Corbin (Ky.)</subfield><subfield code="v">Newspapers.</subfield></datafield><datafield ind1=" " ind2="7" tag="655"><subfield code="a">Newspapers.</subfield><subfield code="2">fast</subfield><subfield code="0">(OCoLC)fst01423814</subfield></datafield><datafield ind1=" " ind2="7" tag="651"><subfield code="a">Kentucky</subfield><subfield code="z">Corbin.</subfield><subfield code="2">fast</subfield><subfield code="0">(OCoLC)fst01219603</subfield></datafield><datafield ind1=" " ind2="7" tag="651"><subfield code="a">Kentucky</subfield><subfield code="z">Whitley County.</subfield><subfield code="2">fast</subfield><subfield code="0">(OCoLC)fst01222189</subfield></datafield><datafield ind1=" " ind2=" " tag="752"><subfield code="a">United States</subfield><subfield code="b">Kentucky</subfield><subfield code="c">Whitley</subfield><subfield code="d">Williamsburg.</subfield></datafield><datafield ind1="0" ind2=" " tag="775"><subfield code="t">News journal (Williamsburg, Ky. : Whitley Republican ed.)</subfield><subfield code="w">(DLC)sn 91074109</subfield><subfield code="w">(OCoLC)24841952</subfield></datafield><datafield ind1="0" ind2="0" tag="780"><subfield code="t">Corbin! this week</subfield><subfield code="w">(DLC)sn 88061196</subfield><subfield code="w">(OCoLC)18353572</subfield></datafield><datafield ind1="0" ind2="7" tag="785"><subfield code="t">News journal (Williamsburg, Ky. : Whitley Republican ed.)</subfield><subfield code="w">(DLC)sn 91074109</subfield><subfield code="w">(OCoLC)24841952</subfield></datafield><datafield ind1="0" ind2="7" tag="785"><subfield code="t">News journal (Williamsburg, Ky. : 1994)</subfield><subfield code="w">(DLC)sn 93058480</subfield><subfield code="w">(OCoLC)30500437</subfield></datafield></record>